@inproceedings{mahalanobis1936,
    author = {Mahalanobis, P. C.},
    booktitle = {Proceedings National Institute of Science, India},
    day = {16},
    keywords = {distance, mahalanobis, statistics},
    month = apr,
    number = {1},
    pages = {49--55},
    posted-at = {2009-03-09 18:14:50},
    priority = {0},
    title = {On the generalised distance in statistics},
    url = {http://ir.isical.ac.in/dspace/handle/1/1268},
    volume = {2},
    year = {1936}
}

@article{rosenblatt58,
  author = {Rosenblatt, Frank},
  description = {Thesis BIB},
  journal = {Psychological Review},
  number = 6,
  pages = {386-408},
  title = {The Perceptron: A Probabilistic Model for Information Storage and Organization in the Brain},
  volume = 65,
  year = 1958
}